
@misc{scrR, title={Screen readers}, url={https://www.afb.org/blindness-and-low-vision/using-technology/assistive-technology-products/screen-readers}, journal={The American Foundation for the Blind}, author={The American Foundation for the Blind}}  @misc{institute, title={Designing for screen reader compatibility}, url={https://webaim.org/techniques/screenreader/}, journal={WebAIM}, author={Institute for Disability Research, Policy, and Practice}} 

 @misc{institute, title={Designing for screen reader compatibility}, url={https://webaim.org/techniques/screenreader/}, journal={WebAIM}, author={Institute for Disability Research, Policy, and Practice}} 

 @misc{strack_carrasco_kolo_nouri_priddis_george_2021, title={The future of jobs in the era of ai}, url={https://www.bcg.com/publications/2021/impact-of-new-technologies-on-jobs}, journal={BCG Global}, publisher={BCG Global}, author={Strack, Rainer and Carrasco, Miguel and Kolo, Philipp and Nouri, Nicholas and Priddis, Michael and George, Richard}, year={2021}, month={Nov}} 
 
 @misc{ganti_2022, title={What is the multiplier effect?}, url={https://www.investopedia.com/terms/m/multipliereffect.asp}, journal={Investopedia}, publisher={Investopedia}, author={Ganti, Akhilesh}, year={2022}, month={Feb}} 

 @misc{temple_zito_2012, title={Families feel pinch as state cuts ripple out}, url={https://www.sfgate.com/news/article/Families-feel-pinch-as-state-cuts-ripple-out-3220906.php}, journal={SFGATE}, publisher={San Francisco Chronicle}, author={Temple, James and Zito, Kelly}, year={2012}, month={Feb}} 

@misc{ins2, title={Keyboard Accessibility}, url={https://webaim.org/techniques/keyboard/}, journal={WebAIM}, author={Institute for Disability Research, Policy, and Practice}} 

 @misc{technology, title={Bias}, url={https://ux-guide.18f.gov/research/bias/}, journal={Bias | 18F User Experience Design Guide}, author={Technology Transformation Services}} 
 
  @misc{bose_2001, title={Nonresponse bias analyses at the National Center for Education Statistics - Archived}, url={https://www150.statcan.gc.ca/n1/en/catalogue/11-522-X20010016269}, journal={Government of Canada, Statistics Canada}, author={Bose, Jonaki}, year={2001}} 
  
   @misc{hayes_2022, title={Simple random sample definition}, url={https://www.investopedia.com/terms/s/simple-random-sample.asp}, journal={Investopedia}, publisher={Investopedia}, author={Hayes, Adam}, year={2022}, month={Mar}} 
    @misc{ramirez_2021, title={My tarot card dependency controlled my life}, url={https://www.marieclaire.com/health-fitness/a35140909/addicted-to-tarot-cards-essay/}, journal={Marie Claire Magazine}, publisher={Marie Claire}, author={Ramirez, Remy}, year={2021}, month={Apr}} 
    
     @misc{holly_2021, title={Is it ethical to read someone else's tarot cards without their knowledge?}, url={https://wayfindertarot.com/are-third-party-tarot-readings-ethical/}, journal={Wayfinder Tarot}, author={Holly}, year={2021}, month={Mar}} 
     
      @misc{guru_2021, title={Divine deity communication tarot spread}, url={https://thetarot.guru/divine-deity-communication-tarot-spread/}, journal={Tarot Guru}, year={2021}, month={May}} 